<?xml version="1.0" encoding="UTF-8"?><collection xmlns="http://www.loc.gov/MARC21/slim"><record><leader>00305nam--2200121-i-4500</leader><controlfield tag="001">000020686</controlfield><controlfield tag="002">20161230</controlfield><controlfield tag="005">20161230201033</controlfield><controlfield tag="008">060222s1000------------r-----000-0-eng-d</controlfield><datafield ind1=" " ind2=" " tag="080"><subfield code="a">539.16</subfield></datafield><datafield ind1=" " ind2=" " tag="245"><subfield code="a">Radioactivitatea. fenomene si legi generale</subfield></datafield><datafield ind1=" " ind2=" " tag="260"><subfield code="a">Bucuresti, Ed.  R.P.R., 1956. 254 P</subfield></datafield><datafield ind1=" " ind2=" " tag="852"><subfield code="a">4180</subfield></datafield></record></collection>